@article{goldstein2014fast,
  title={Fast alternating direction optimization methods},
  author={Goldstein, Tom and O'Donoghue, Brendan and Setzer, Simon and Baraniuk, Richard},
  journal={SIAM Journal on Imaging Sciences},
  volume={7},
  number={3},
  pages={1588--1623},
  year={2014},
  publisher={SIAM}
}

@article{zhou2018fenchel,
  title={On the fenchel duality between strong convexity and lipschitz continuous gradient},
  author={Zhou, Xingyu},
  journal={arXiv preprint arXiv:1803.06573},
  year={2018}
}

@inproceedings{cyrus2018robust,
  title={A robust accelerated optimization algorithm for strongly convex functions},
  author={Cyrus, Saman and Hu, Bin and Van Scoy, Bryan and Lessard, Laurent},
  booktitle={2018 Annual American Control Conference (ACC)},
  pages={1376--1381},
  year={2018},
  organization={IEEE}
}

@incollection{planiden2019proximal,
  title={Proximal mappings and Moreau envelopes of single-variable convex piecewise cubic functions and multivariable gauge functions},
  author={Planiden, Chayne and Wang, Xianfu},
  booktitle={Nonsmooth Optimization and Its Applications},
  pages={89--130},
  year={2019},
  publisher={Springer}
}